<?xml version="1.0" encoding="UTF-8"?><collection><record><leader>05539ntm a2200625 a 4500</leader><controlfield tag="001">006822246</controlfield><controlfield tag="003">MiAaHDL</controlfield><controlfield tag="005">20190719000000.0</controlfield><controlfield tag="006">m        d        </controlfield><controlfield tag="007">cr bn ---auaua</controlfield><controlfield tag="008">090623q18421843tu            00| ||ota d</controlfield><datafield tag="035" ind1=" " ind2=" "><subfield code="a">(MiU)006822246</subfield></datafield><datafield tag="035" ind1=" " ind2=" "><subfield code="a">sdr-miu006822246</subfield></datafield><datafield tag="040" ind1=" " ind2=" "><subfield code="a">MiU</subfield><subfield code="c">MiU</subfield><subfield code="e">amremm</subfield></datafield><datafield tag="041" ind1="0" ind2=" "><subfield code="a">ota</subfield></datafield><datafield tag="043" ind1=" " ind2=" "><subfield code="a">n-us-mi</subfield><subfield code="a">a-tu---</subfield></datafield><datafield tag="100" ind1="1" ind2=" "><subfield code="6">880-01</subfield><subfield code="a">Âli, Mustafa bin Ahmet,</subfield><subfield code="d">1541-1599.</subfield></datafield><datafield tag="245" ind1="1" ind2="0"><subfield code="6">880-03</subfield><subfield code="a">Mahasinü'l-edeb,</subfield><subfield code="f">[1258?, i.e. 1842 or 1843?].</subfield></datafield><datafield tag="246" ind1="3" ind2=" "><subfield code="a">Tenkîhü Mehasini'l-edeb</subfield></datafield><datafield tag="246" ind1="3" ind2=" "><subfield code="a">Tenkîh-i Mahasini'l-edeb</subfield></datafield><datafield tag="246" ind1="3" ind2=" "><subfield code="a">Hulâsatü Mehasini'l-edeb</subfield></datafield><datafield tag="246" ind1="3" ind2=" "><subfield code="a">Hulâsat-i Mahasini'l-edeb</subfield></datafield><datafield tag="246" ind1="3" ind2=" "><subfield code="a">Mahasin ül-edeb</subfield></datafield><datafield tag="260" ind1=" " ind2=" "><subfield code="a">[Istanbul?,</subfield><subfield code="c">1842 or 1843].</subfield></datafield><datafield tag="300" ind1=" " ind2=" "><subfield code="a">43 leaves :</subfield><subfield code="b">paper ;</subfield><subfield code="c">188 x 115 (127 x 70) mm.</subfield></datafield><datafield tag="500" ind1=" " ind2=" "><subfield code="a">Shelfmark: Ann Arbor, University of Michigan, Special Collections Library, Isl. Ms. 396</subfield></datafield><datafield tag="500" ind1=" " ind2=" "><subfield code="a">Origin: As appears in colophon on p.83, copied by Hacı Mustafa İzzet (al-Sayyid al-Ḥājj Muṣṭafá ʻIzzat), khaṭīb (hatib) in the mosque of Abū Ayyūb Khālid ibn Zayd al-Anṣārī (Eyüp Sultan Camii), with transcription possibly completed in 1258 [1842 or 3] (see numerals at close of colophon) ; paper, decoration, etc. certainly suggest 19th century.</subfield></datafield><datafield tag="500" ind1=" " ind2=" "><subfield code="a">Former shelfmark: "9 T. De M. [i.e. Tammaro De Marinis]" on upper board lining.</subfield></datafield><datafield tag="500" ind1=" " ind2=" "><subfield code="a">Binding: Pasteboards covered in forest green leather ; Type II binding (with flap) ; board linings and outer flyleaves in light-blue surface-dyed, gold-flecked European laid paper ; upper and lower covers carry gold tooled border in a series of s-shaped stamps flanked by gold fillets ; sewn in red thread, two stations ; only portion of worked headband remains, tailband gone ; overall in fair condition with some abrasion, staining, lifting of leather, etc.</subfield></datafield><datafield tag="500" ind1=" " ind2=" "><subfield code="a">Support: non-European laid paper with 8 laid lines per cm. (vertical, somewhat distinct, some curving) and no chain lines visible, cloudy formation, inclusions visible, crisp, transluscent and sturdy, highly sized and burnished to glossy, buff in color ; flyleaves in two different European laid papers.</subfield></datafield><datafield tag="500" ind1=" " ind2=" "><subfield code="a">Decoration: Illuminated headpiece at opening on p.2, evoking a w-shaped piece consisting of an empty gold cartouche defined by plumes in shades of blue to white, surounded by flowers in shades of pink and lavender with leaves in shades of green on a gold ground, all surmounted by three vases with floral bouquets in shades of pink, lavender and blue ; written area surrounded by heavy gold frame defined by black fillets ; keywords and section headings rubricated ; overlining in red ; illuminated tailpiece consisting of swirling floral vegetal composition surrounding colophon (on p.83).</subfield></datafield><datafield tag="500" ind1=" " ind2=" "><subfield code="a">Script: Nastaʻlīq (talik) ; compact, elegant hand in a heavy line ; serifless, with effect of words descending to baseline, closed counters, and elongated horizontal strokes.</subfield></datafield><datafield tag="500" ind1=" " ind2=" "><subfield code="a">Layout: Written in 19 lines per page ; frame-ruled.</subfield></datafield><datafield tag="500" ind1=" " ind2=" "><subfield code="a">Collation: ii, 3 V(30), VI+1 (43), ii ; quinions followed by a senion ; catchwords present ; pagination in pencil, Western numerals, supplied during digitization.</subfield></datafield><datafield tag="500" ind1=" " ind2=" "><subfield code="a">Colophon: "Scribal," triangular, reads "كتبه السيد الحاج مصطفى عزت الخطيب في جامع حضرت خالد الانصارى عفى عنه ٥٨"</subfield></datafield><datafield tag="500" ind1=" " ind2=" "><subfield code="a">Explicit: "غايتده لازم اولنى بلدر ديكك يتر عالى يتر سوز اكله اوزاتمه حكايتى"</subfield></datafield><datafield tag="500" ind1=" " ind2=" "><subfield code="a">Incipit: "حمد وثناى رب العالمين وصلوة وسلام سيد المرسلين ... عالى بك افندى مؤلف كنه الاخبار اولان ... از جمله منهاج السلوك الى ادب صحبة الملوك نام عربى تاليف لطيفى بعض ضمايم نافعه ايله تركى يه ترجمه ومحاسن الادب تسميه ايلمشلر اون بش فصل ايله مرتب بر نسخۀ جليله در ..."</subfield></datafield><datafield tag="500" ind1=" " ind2=" "><subfield code="a">Title from opening matter (p.2) and inscription above headpiece (also on p.2).</subfield></datafield><datafield tag="500" ind1=" " ind2=" "><subfield code="a">Ms. codex.</subfield></datafield><datafield tag="510" ind1="4" ind2=" "><subfield code="a">Fleischer, C. Bureaucrat and intellectual in the Ottoman Empire : the historian Mustafa Ali (1541-1600). Princeton, 1986.</subfield><subfield code="c">(p.166)</subfield></datafield><datafield tag="520" ind1="8" ind2=" "><subfield code="a">Fine copy of an extract of the work of "mirrors for princes" literature by the outstanding Ottoman intellectual and bureaucrat, Gelibolulu Âli Efendi Mustafa b. Ahmet b. Abdülmevlâ (d.1600), widely known as Mustafa Âli.</subfield></datafield><datafield tag="538" ind1=" " ind2=" "><subfield code="a">Mode of access: Internet.</subfield></datafield><datafield tag="541" ind1=" " ind2=" "><subfield code="c">Purchase ;</subfield><subfield code="a">Acquired by purchase (funds donated by Horace Rackham).</subfield><subfield code="d">1924.</subfield></datafield><datafield tag="546" ind1=" " ind2=" "><subfield code="a">Ottoman Turkish.</subfield></datafield><datafield tag="561" ind1=" " ind2=" "><subfield code="a">Birth notice on 'title page' (p.1) ; fairly clean copy.</subfield></datafield><datafield tag="650" ind1=" " ind2="0"><subfield code="a">Manuscripts, Turkish</subfield><subfield code="z">Michigan</subfield><subfield code="z">Ann Arbor.</subfield></datafield><datafield tag="650" ind1=" " ind2="0"><subfield code="a">Education of princes</subfield><subfield code="z">Turkey</subfield><subfield code="v">Early works to 1800.</subfield></datafield><datafield tag="651" ind1=" " ind2="0"><subfield code="a">Turkey</subfield><subfield code="x">Kings and rulers</subfield><subfield code="x">Education</subfield><subfield code="v">Early works to 1800.</subfield></datafield><datafield tag="655" ind1=" " ind2="7"><subfield code="a">Headpieces (layout features)</subfield><subfield code="y">19th century.</subfield><subfield code="2">aat</subfield></datafield><datafield tag="700" ind1="0" ind2=" "><subfield code="a">Abdülhamid</subfield><subfield code="b">II,</subfield><subfield code="c">Sultan of the Turks,</subfield><subfield code="d">1842-1918,</subfield><subfield code="e">former owner.</subfield></datafield><datafield tag="700" ind1="0" ind2=" "><subfield code="6">880-07</subfield><subfield code="a">Hacı Mustafa İzzet,</subfield><subfield code="d">fl. 1842?,</subfield><subfield code="e">scribe.</subfield></datafield><datafield tag="773" ind1="0" ind2=" "><subfield code="a">Abdul Hamid Collection.</subfield></datafield><datafield tag="880" ind1="0" ind2=" "><subfield code="6">700-07/</subfield><subfield code="a">حاجى مصطفى عزت,</subfield><subfield code="e">ناسخ.</subfield></datafield><datafield tag="880" ind1="1" ind2="0"><subfield code="6">245-03/</subfield><subfield code="a">محاسن الادب,</subfield><subfield code="f">[1258ه؟, 1842 او 1843م؟].</subfield></datafield><datafield tag="880" ind1="1" ind2=" "><subfield code="6">100-01/</subfield><subfield code="a">عالى, مصطفى بن احمد.</subfield></datafield><datafield tag="CID" ind1=" " ind2=" "><subfield code="a">006822246</subfield></datafield><datafield tag="DAT" ind1="0" ind2=" "><subfield code="a">20190719102640.0</subfield><subfield code="b">20190719000000.0</subfield></datafield><datafield tag="DAT" ind1="1" ind2=" "><subfield code="a">20190719090653.0</subfield><subfield code="b">2019-07-19T16:12:08Z</subfield></datafield><datafield tag="DAT" ind1="2" ind2=" "><subfield code="a">2015-10-10T18:00:06Z</subfield></datafield><datafield tag="CAT" ind1=" " ind2=" "><subfield code="a">SDR-MIU</subfield><subfield code="d">EX LIBRIS - ALEPH</subfield><subfield code="l">prepare.pl-004-008</subfield></datafield><datafield tag="FMT" ind1=" " ind2=" "><subfield code="a">BK</subfield></datafield><datafield tag="HOL" ind1=" " ind2=" "><subfield code="0">sdr-miu006822246</subfield><subfield code="a">MiU</subfield><subfield code="b">SDR</subfield><subfield code="c">MIU</subfield><subfield code="p">mdp.39015079130632</subfield><subfield code="s">MIU</subfield><subfield code="1">006822246</subfield></datafield><datafield tag="974" ind1=" " ind2=" "><subfield code="b">MIU</subfield><subfield code="c">MIU</subfield><subfield code="d">20190719</subfield><subfield code="s">lit-dlps-dc</subfield><subfield code="u">mdp.39015079130632</subfield><subfield code="y">1843</subfield><subfield code="r">pd</subfield><subfield code="q">bib</subfield><subfield code="t">non-US bib date2 &lt; 1879</subfield></datafield></record></collection>